<record><leader>00000cas a22000007a 4500</leader><controlfield tag="001">24512988</controlfield><controlfield tag="008">911008d18uu1924ncucr ne      0    0eng d</controlfield><datafield ind1=" " ind2=" " tag="010"><subfield code="a">sn 91068164 </subfield></datafield><datafield ind1=" " ind2=" " tag="040"><subfield code="a">NVJ</subfield><subfield code="b">eng</subfield><subfield code="c">NVJ</subfield><subfield code="d">OCLCQ</subfield></datafield><datafield ind1=" " ind2=" " tag="042"><subfield code="a">msc</subfield></datafield><datafield ind1="0" ind2="4" tag="245"><subfield code="a">The Western North Carolina times.</subfield></datafield><datafield ind1=" " ind2=" " tag="260"><subfield code="a">Hendersonville, N.C. :</subfield><subfield code="b">C.M. Kenyon</subfield></datafield><datafield ind1=" " ind2=" " tag="300"><subfield code="a">v.</subfield></datafield><datafield ind1=" " ind2=" " tag="310"><subfield code="a">Semiweekly,</subfield><subfield code="b">June 6, 1922-Aug. 15, 1924</subfield></datafield><datafield ind1=" " ind2=" " tag="321"><subfield code="a">Weekly,</subfield><subfield code="b">&lt;Oct. 1, 1896&gt;-&lt;May 3, 1901&gt;</subfield></datafield><datafield ind1=" " ind2=" " tag="321"><subfield code="a">Semiweekly,</subfield><subfield code="b">&lt;Jan. 10, 1902&gt;-&lt;Sept. 9, 1902&gt;</subfield></datafield><datafield ind1=" " ind2=" " tag="321"><subfield code="a">Weekly,</subfield><subfield code="b">&lt;Sept. 19, 1902&gt;-June 2, 1922</subfield></datafield><datafield ind1="0" ind2=" " tag="362"><subfield code="a">-v. 38, no. 41 (Aug. 15, 1924).</subfield></datafield><datafield ind1=" " ind2=" " tag="588"><subfield code="a">Description based on: Vol. 11, no. 22 (Oct. 1, 1896).</subfield></datafield><datafield ind1=" " ind2=" " tag="752"><subfield code="a">United States</subfield><subfield code="b">North Carolina</subfield><subfield code="c">Henderson</subfield><subfield code="d">Hendersonville.</subfield></datafield><datafield ind1="0" ind2="0" tag="785"><subfield code="t">Hendersonville daily times</subfield><subfield code="w">(DLC)sn 94058219</subfield></datafield></record>